<record xmlns:xsi="http://www.w3.org/2001/XMLSchema-instance" xmlns="http://www.loc.gov/MARC21/slim" xsi:schemaLocation="http://www.loc.gov/MARC21/slim http://www.loc.gov/standards/marcxml/schema/MARC21slim.xsd">

  <leader>00701nam a2200169   4500</leader>
  <datafield ind2=" " ind1=" " tag="999">
    <subfield code="c">3392</subfield>
    <subfield code="d">3392</subfield>
  </datafield>
  <controlfield tag="008">170213b2016    C  a|||| |||| 00| | spa d</controlfield>
  <datafield ind1=" " tag="090" ind2=" ">
    <subfield code="a">06.03.06</subfield>
    <subfield code="b">2399</subfield>
  </datafield>
  <datafield tag="100" ind1="1" ind2=" ">
    <subfield code="9">1383</subfield>
    <subfield code="a">Monge Rodríguez, Melania</subfield>
  </datafield>
  <datafield ind1="1" tag="245" ind2="0">
    <subfield code="a">Manifestaciones de inatención, hiperactividad e impulsividad en estudiantes de primaria: perspectiva de maestras y maestros costarricenses / </subfield>
    <subfield code="c">Melania Monge Rodríguez</subfield>
  </datafield>
  <datafield ind2=" " tag="260" ind1=" ">
    <subfield code="a">[San José, Costa Rica] :</subfield>
    <subfield code="b">IN IE,</subfield>
    <subfield code="c">2016</subfield>
  </datafield>
  <datafield ind2=" " ind1=" " tag="300">
    <subfield code="a">289 páginas + 38 páginas;</subfield>
    <subfield code="b">ilustraciones</subfield>
  </datafield>
  <datafield tag="500" ind1=" " ind2=" ">
    <subfield code="a">Informe final de Proyecto de Investigación Nº. 724-B3-337</subfield>
  </datafield>
  <datafield ind2="4" ind1="1" tag="650">
    <subfield code="9">367</subfield>
    <subfield code="a">EDUCACIÓN PRIMARIA</subfield>
  </datafield>
  <datafield tag="650" ind1="1" ind2="4">
    <subfield code="9">817</subfield>
    <subfield code="a">EDUCACIÓN ESPECIAL</subfield>
  </datafield>
  <datafield ind1="1" tag="650" ind2="4">
    <subfield code="9">298</subfield>
    <subfield code="a">COMPORTAMIENTO</subfield>
  </datafield>
  <datafield tag="942" ind1=" " ind2=" ">
    <subfield code="2">z</subfield>
    <subfield code="c">04</subfield>
  </datafield>
</record>